<record><leader>00000cas a2200000 a 4500</leader><controlfield tag="001">11467097</controlfield><controlfield tag="008">841207d19141915ksuwr ne      0   a0eng d</controlfield><datafield ind1=" " ind2=" " tag="010"><subfield code="a">sn 84030079 </subfield></datafield><datafield ind1=" " ind2=" " tag="040"><subfield code="a">KSH</subfield><subfield code="b">eng</subfield><subfield code="c">KSH</subfield><subfield code="d">NPT</subfield><subfield code="d">OCL</subfield><subfield code="d">OCLCQ</subfield></datafield><datafield ind1=" " ind2=" " tag="042"><subfield code="a">msc</subfield></datafield><datafield ind1="0" ind2=" " tag="130"><subfield code="a">Montezuma chief (Montezuma, Kan. : 1914)</subfield></datafield><datafield ind1="1" ind2="4" tag="245"><subfield code="a">The Montezuma chief.</subfield></datafield><datafield ind1=" " ind2=" " tag="260"><subfield code="a">Montezuma, Kan. :</subfield><subfield code="b">R.E. Campbell,</subfield><subfield code="c">-1915.</subfield></datafield><datafield ind1=" " ind2=" " tag="300"><subfield code="a">v. :</subfield><subfield code="b">ill. ;</subfield><subfield code="c">50 cm.</subfield></datafield><datafield ind1=" " ind2=" " tag="310"><subfield code="a">Weekly</subfield></datafield><datafield ind1="0" ind2=" " tag="362"><subfield code="a">-v. 2, no. 32 (Sept. 30, 1915).</subfield></datafield><datafield ind1="1" ind2=" " tag="362"><subfield code="a">Began in 1914.</subfield></datafield><datafield ind1=" " ind2=" " tag="500"><subfield code="a">"An independent paper."</subfield></datafield><datafield ind1=" " ind2=" " tag="588"><subfield code="a">Description based on: Vol. 1, no. 3 (Mar. 5, 1914).</subfield></datafield><datafield ind1=" " ind2=" " tag="752"><subfield code="a">United States</subfield><subfield code="b">Kansas</subfield><subfield code="c">Gray</subfield><subfield code="d">Montezuma.</subfield></datafield><datafield ind1="0" ind2="0" tag="785"><subfield code="t">Montezuma press</subfield><subfield code="w">(DLC)sn 84030080</subfield></datafield><datafield ind1="1" ind2=" " tag="029"><subfield code="a">AU@</subfield><subfield code="b">000020344684</subfield></datafield></record>